@incollection{HararyR74,
	title={Is the null-graph a pointless concept?},
	author={Harary, Frank and Read, Ronald C.},
	booktitle={Graphs and Combinatorics},
	pages={37--44},
	year={1974},
	publisher={Springer},
	doi={10.1007/BFb0066433}
}

@book{Rosen11,
	author = {Rosen, Kenneth H.},
	title = {Discrete Mathematics and Its Applications},
	year = {2011},
	edition = {7th},
	publisher = {McGraw-Hill Higher Education},
}

@article {Berge57,
	author = {Berge, Claude},
	title = {Two Theorems in Graph Theory},
	volume = {43},
	number = {9},
	pages = {842--844},
	year = {1957},
	doi = {10.1073/pnas.43.9.842},
	publisher = {National Academy of Sciences},
	journal = {Proceedings of the National Academy of Sciences}
}

@book{Berge58,
	title={Th{\'e}orie des graphes et ses applications},
	author={Berge, Claude},
	year={1958},
	publisher={Dunod (Orl{\'e}ans, Impr. nouvelle), Paris}
}

@online{CoulombsLaw,
  key =          {Wikipedia},
  year  =        2025,
  title =        "{Coulomb's Law}",
  url =          "https://en.wikipedia.org/wiki/Coulomb%27s_law",
  lastaccessed = "May 29, 2025",
}

@online{EMFieldFromPointCharge,
  key =          {Wikipedia},
  year  =        2025,
  title =        "{Biot-Savart Law page, section titled ``Point charge at constant velocity''}",
  url =          "https://en.wikipedia.org/wiki/Biot%E2%80%93Savart_law#Point_charge_at_constant_velocity",
  lastaccessed = "May 29, 2025",
}

@inbook{Griffiths1998,
  author =    {David J. Griffiths},
  title =     {Introduction to Electrodynamics, Section 10.3.2 ``The fields of a moving point charge''},
  booktitle = {Introduction to Electrodynamics},
  year =      {2013},
  edition =   {4th},
  publisher = {Pearson Education},
  pages =     {456--462},
}

@online{PhysicsSEIsLorentzForceFrameIndependent,
  key =          {Physics Stack Exchange},
  year  =        2022,
  title =        "How is {Lorentz} force frame-independent?",
  url =          "https://physics.stackexchange.com/questions/661883/how-is-lorentz-force-frame-independent",
  lastaccessed = "May 30, 2025",
}

@online{JefimenkosEquations,
  key =          {Wikipedia},
  year  =        2025,
  title =        "{Jefimenko's Equations page, section title ``Heaviside-Feynman formula''}",
  url =          "https://en.wikipedia.org/wiki/Jefimenko%27s_equations#Heaviside%E2%80%93Feynman_formula",
  lastaccessed = "May 31, 2025",
}

@online{FeynmanLecturesVolICh28,
  key =          {Feynman},
  year  =        2025,
  title =        "{Feynman's Lectures on Physics Volume I Chapter 28: Electromagnetic Radiation}",
  url =          "https://www.feynmanlectures.caltech.edu/I_28.html#Ch28-S1-p10",
  lastaccessed = "May 31, 2025",
}

@online{FeynmanLecturesVolICh34Sec6,
  key =          {Feynman},
  year  =        2025,
  title =        "{Feynman's Lectures on Physics Volume I Chapter 34, Section 6: The Doppler effect}",
  url =          "https://www.feynmanlectures.caltech.edu/I_34.html#Ch34-S6",
  lastaccessed = "July 20, 2025",
}

@online{WikipediaTimeDilation,
  key =          {Wikipedia},
  year  =        2025,
  title =        "{Time dilation}",
  url =          "https://en.wikipedia.org/wiki/Time_dilation",
  lastaccessed = "July 16, 2025",
}

@online{WikipediaRelativisticDopplerEffect,
  key =          {Wikipedia},
  year  =        2025,
  title =        "{Relativistic Doppler effect}",
  url =          "https://en.wikipedia.org/wiki/Relativistic_Doppler_effect",
  lastaccessed = "July 20, 2025",
}

@online{WikipediaHyperbolaDefnLocusOfPoints,
  key =          {Wikipedia},
  year  =        2025,
  title =        "{Hyperbola article, section ``As locus of points''}",
  url =          "https://en.wikipedia.org/wiki/Hyperbola#As_locus_of_points",
  lastaccessed = "July 24, 2025",
}

@online{WikipediaHyperbolicFunctions,
  key =          {Wikipedia},
  year  =        2025,
  title =        "{Hyperbolic functions}",
  url =          "https://en.wikipedia.org/wiki/Hyperbolic_functions",
  lastaccessed = "July 24, 2025",
}

@online{WikipediaVelocityAdditionFormula,
  key =          {Wikipedia},
  year  =        2025,
  title =        "{Velocity-addition formula}",
  url =          "https://en.wikipedia.org/wiki/Velocity-addition_formula",
  lastaccessed = "August 2, 2025",
}

@article{Koczan2021,
   title={Relativistic Relative Velocities and Relativistic Acceleration},
   volume={139},
   ISSN={0587-4246},
   url={http://dx.doi.org/10.12693/APhysPolA.139.401},
   DOI={10.12693/aphyspola.139.401},
   number={4},
   journal={Acta Physica Polonica A},
   publisher={Institute of Physics, Polish Academy of Sciences},
   author={Koczan, G.M.},
   year={2021},
   month=apr, pages={401–406}
}

@online{FingerhutScenario1c-program,
  year  =        2025,
  title =        "{Python program to test equality of two methods of calculating receiver period for Scenario 1c}",
  url =          "https://github.com/jafingerhut/epistimi/blob/main/scratchpad/scen1c-calc-receiver-period.py",
  lastaccessed = "August 5, 2025",
}

@article{IP2006,
   title={Reversal in the time order of interactive events: the collision of inclined rods},
   volume={27},
   ISSN={1361-6404},
   url={http://dx.doi.org/10.1088/0143-0807/27/4/013},
   DOI={10.1088/0143-0807/27/4/013},
   number={4},
   journal={European Journal of Physics},
   publisher={IOP Publishing},
   author={Iyer, Chandru and Prabhu, G M},
   year={2006},
   month=may, pages={819–824}
}

@online{OneWaySpeedOfLight,
  key =          {Veritasium},
  year  =        2021,
  title =        "{Why No One Has Measured The Speed Of Light}",
  url =          "https://www.youtube.com/watch?v=pTn6Ewhb27k",
  lastaccessed = "June 24, 2025",
}

@inproceedings{GLYN2018,
  author = {Yilong Geng and Shiyu Liu and Zi Yin and Ashish Naik and Balaji Prabhakar and Mendel Rosenblum and Amin Vahdat},
  title = {Exploiting a Natural Network Effect for Scalable, Fine-grained Clock Synchronization},
  booktitle = {15th USENIX Symposium on Networked Systems Design and Implementation (NSDI 18)},
  year = {2018},
  address = {Renton, WA},
  pages = {81--94},
  url = {https://www.usenix.org/conference/nsdi18/presentation/geng},
  publisher = {USENIX Association},
  month = apr
}

@online{NetworkTimeProtocol,
  key =          {Wikipedia},
  year  =        2025,
  title =        "{Network Time Protocol}",
  url =          "https://en.wikipedia.org/wiki/Network_Time_Protocol",
  lastaccessed = "August 6, 2025",
}
