@incollection{HararyR74,
	title={Is the null-graph a pointless concept?},
	author={Harary, Frank and Read, Ronald C.},
	booktitle={Graphs and Combinatorics},
	pages={37--44},
	year={1974},
	publisher={Springer},
	doi={10.1007/BFb0066433}
}

@book{Rosen11,
	author = {Rosen, Kenneth H.},
	title = {Discrete Mathematics and Its Applications},
	year = {2011},
	edition = {7th},
	publisher = {McGraw-Hill Higher Education},
}

@article {Berge57,
	author = {Berge, Claude},
	title = {Two Theorems in Graph Theory},
	volume = {43},
	number = {9},
	pages = {842--844},
	year = {1957},
	doi = {10.1073/pnas.43.9.842},
	publisher = {National Academy of Sciences},
	journal = {Proceedings of the National Academy of Sciences}
}

@book{Berge58,
	title={Th{\'e}orie des graphes et ses applications},
	author={Berge, Claude},
	year={1958},
	publisher={Dunod (Orl{\'e}ans, Impr. nouvelle), Paris}
}

@online{CoulombsLaw,
  key =          {Wikipedia},
  year  =        2025,
  title =        "{Coulomb's Law}",
  url =          "https://en.wikipedia.org/wiki/Coulomb%27s_law",
  lastaccessed = "May 29, 2025",
}

@online{EMFieldFromPointCharge,
  key =          {Wikipedia},
  year  =        2025,
  title =        "{Biot-Savart Law page, section titled ``Point charge at constant velocity''}",
  url =          "https://en.wikipedia.org/wiki/Biot%E2%80%93Savart_law#Point_charge_at_constant_velocity",
  lastaccessed = "May 29, 2025",
}

@book{Griffiths1998,
  author =    {David J. Griffiths},
  title = {Introduction to Electrodynamics},
  year =      {2013},
  edition =   {4th},
  publisher = {Pearson Education},
}

@inbook{Griffiths1998PointCharge,
  author =    {David J. Griffiths},
  title =     {Introduction to Electrodynamics, Section 10.3.2 ``The fields of a moving point charge''},
  booktitle = {Introduction to Electrodynamics},
  year =      {2013},
  edition =   {4th},
  publisher = {Pearson Education},
  pages =     {456--462},
}

@online{PhysicsSEIsLorentzForceFrameIndependent,
  key =          {Physics Stack Exchange},
  year  =        2022,
  title =        "How is {Lorentz} force frame-independent?",
  url =          "https://physics.stackexchange.com/questions/661883/how-is-lorentz-force-frame-independent",
  lastaccessed = "May 30, 2025",
}

@online{JefimenkosEquations,
  key =          {Wikipedia},
  year  =        2025,
  title =        "{Jefimenko's Equations page, section title ``Heaviside-Feynman formula''}",
  url =          "https://en.wikipedia.org/wiki/Jefimenko%27s_equations#Heaviside%E2%80%93Feynman_formula",
  lastaccessed = "May 31, 2025",
}

@online{FeynmanLecturesVolICh28,
  key =          {Feynman},
  year  =        2025,
  title =        "{Feynman's Lectures on Physics Volume I Chapter 28: Electromagnetic Radiation}",
  url =          "https://www.feynmanlectures.caltech.edu/I_28.html#Ch28-S1-p10",
  lastaccessed = "May 31, 2025",
}

@online{Gradient,
  key =          {Wikipedia},
  year  =        2025,
  title =        "{Gradient}",
  url =          "https://en.wikipedia.org/wiki/Gradient",
  lastaccessed = "June 1, 2025",
}

@online{NablaSymbol,
  key =          {Wikipedia},
  year  =        2025,
  title =        "{Nabla Symbol}",
  url =          "https://en.wikipedia.org/wiki/Nabla_symbol",
  lastaccessed = "June 1, 2025",
}

@online{EarliestUsesMathWords,
  key =          {Earliest Uses of Some Words of Mathematics},
  year  =        2025,
  title =        "{Earliest Uses of Some Words of Mathematics}",
  url =          "https://mathshistory.st-andrews.ac.uk/Miller/mathword/",
  lastaccessed = "June 1, 2025",
}

@online{EarliestUsesMathSymbols,
  key =          {Earliest Uses of Various Mathematical Symbols},
  year  =        2025,
  title =        "{Earliest Uses of Various Mathematical Symbols}",
  url =          "https://mathshistory.st-andrews.ac.uk/Miller/mathsym/",
  lastaccessed = "June 1, 2025",
}

@online{CovariantFormulationOfClassicalElectromagnetism,
  key =          {Wikipedia},
  year  =        2025,
  title =        "{Covariant formulation of classical electromagnetism}",
  url =          "https://en.wikipedia.org/wiki/Covariant_formulation_of_classical_electromagnetism",
  lastaccessed = "June 23, 2025",
}

@online{GalileanTransformation,
  year  =        2025,
  title =        "{Galilean Transformation}",
  url =          "https://qiweb.tudelft.nl/mecharela/galilean_transformation",
  lastaccessed = "June 24, 2025",
}

@online{GalileanInvarianceMaxwellsEquations,
  year  =        2018,
  title =        "{History of Special Relativity (Part 1) - Galilean Invariance \& Maxwell's Equations}",
  url =          "https://www.youtube.com/watch?app=desktop&v=P79Ur8LVcy8",
  lastaccessed = "June 24, 2025",
}
