@incollection{HararyR74,
	title={Is the null-graph a pointless concept?},
	author={Harary, Frank and Read, Ronald C.},
	booktitle={Graphs and Combinatorics},
	pages={37--44},
	year={1974},
	publisher={Springer},
	doi={10.1007/BFb0066433}
}

@book{Rosen11,
	author = {Rosen, Kenneth H.},
	title = {Discrete Mathematics and Its Applications},
	year = {2011},
	edition = {7th},
	publisher = {McGraw-Hill Higher Education},
}

@article {Berge57,
	author = {Berge, Claude},
	title = {Two Theorems in Graph Theory},
	volume = {43},
	number = {9},
	pages = {842--844},
	year = {1957},
	doi = {10.1073/pnas.43.9.842},
	publisher = {National Academy of Sciences},
	journal = {Proceedings of the National Academy of Sciences}
}

@book{Berge58,
	title={Th{\'e}orie des graphes et ses applications},
	author={Berge, Claude},
	year={1958},
	publisher={Dunod (Orl{\'e}ans, Impr. nouvelle), Paris}
}

@online{CoulombsLaw,
  key =          {Wikipedia},
  year  =        2025,
  title =        "Coulomb's Law",
  url =          "https://en.wikipedia.org/wiki/Coulomb%27s_law",
  lastaccessed = "May 29, 2025",
}

@online{EMFieldFromPointCharge,
  key =          {Wikipedia},
  year  =        2025,
  title =        "Biot-Savart Law",
  url =          "https://en.wikipedia.org/wiki/Biot%E2%80%93Savart_law",
  lastaccessed = "May 29, 2025",
}

@online{PhysicsSEIsLorentzForceFrameIndependent,
  key =          {Physics Stack Exchange},
  year  =        2022,
  title =        "How is Lorentz force frame-independent?",
  url =          "https://physics.stackexchange.com/questions/661883/how-is-lorentz-force-frame-independent",
  lastaccessed = "May 30, 2025",
}
